%مراجع خود را در این قسمت وارد کنید
@article{Mell_2011,
	author = {Mell, Peter and Grance, Timothy},
	title = {The NIST Definition of Cloud Computing},
	journal = {Bational Institute of Standards and Technology},
	year = {2011},
	volume = {7},
	number = {1},
	pages = {1-15}
}
 
@book{Lockard2019,
 	author = {Lockard, D.},
 	title = {The Pros and Cons of Go},
 	publisher = {Packt Publishing Ltd.},
 	year = {2019},
 }

@book{Donovan2015,
	author = {Donovan, S. and Kernighan, B. W.},
	title = {The Go Programming Language},
	publisher = {Pearson Education},
	year = {2015},
	url = {}
}}


@phdthesis{Fielding:2000,
	author = {Fielding, Roy T.},
	title = {Architectural styles and the design of network-based software architectures},
	school = {University of California, Irvine},
	year = {2000},
	type = {Dissertation},
	chapter = {5}
}

@article{Stonebraker2010,
	author = {Stonebraker, Michael},
	journal = {ACM Queue},
	pages = {3-7},
	title = {{NoSQL Databases}},
	volume = {8},
	year = {2010}
}

@book{Fowler2014,
	author = {Fowler, Martin},
	title = {Microservices},
	publisher = {O'Reilly Media, Inc.},
	year = {2014}
}

@book{Hightower2017,
	author = {Hightower, R.},
	title = {Building Microservices: Designing Fine-Grained Systems},
	publisher = {O'Reilly Media, Inc.},
	year = {2017}
}

@misc{Microsoft_API_Gateway_2023,
	author={Microsoft},
	title={Direct client-to-microservice communication versus the API gateway pattern},
	howpublished={https://learn.microsoft.com/en-us/dotnet/architecture/microservices/architect-microservice-container-applications/direct-client-to-microservice-communication-versus-the-api-gateway-pattern},
	year={2023},
	publisher={Microsoft},
	note = {[Accessed Feb. 16, 2023]},
}


@misc{oracle_dao,
	author = "Oracle Inc.",
	title = {Design {Patterns}: {Data} {Access} {Object}},
	howpublished={\url{https://www.oracle.com/java/technologies/data-access-object.html}},
	note = {[Accessed Feb. 16, 2023]},
}


@misc{arvancloud, title={Arvancloud IaaS API Documentation}, author="Arvancloud", howpublished={https://www.arvancloud.ir/api/iaas/1.0}, note = {[Accessed Feb. 16, 2023]},} 


@Misc{microsoft_cc_models,
	author = {Microsoft},
	title = {What is IaaS?},
	howpublished="https://azure.microsoft.com/en-us/resources/cloud-computing-dictionary/what-is-iaas",
	year = {2023},
	note="[Accessed Feb. 16, 2023]",
}

@Misc{mstoimenova,
	author = {VMWare},
	title = {VMware cloud director architecture},
	howpublished = {https://docs.vmware.com/en/VMware-Cloud-Director/10.4/VMware-Cloud-Director-Install-Configure-Upgrade-Guide/GUID-059548C6-0779-4242-84BB-6F3F4D8E6E4E.html},
	year = {2023},
	note = {[Accessed Feb. 16, 2023]},
}
@misc{asiatech, title={\rl{خدمات ابری زیرساخت آسیاتک} (iaas)}, author="Asiatech",howpublished={https://asiatech.cloud/api-doc/}, note = {[Accessed Feb. 16, 2023]}} 

@misc{azurecloud,
	author={Microsoft},
	title = {Azure {Compute} {REST} {APIs} {\textbar} {Microsoft} {Learn}},
	url = {https://learn.microsoft.com/en-us/rest/api/compute/},
	urldate = {2023-02-18},
}

@misc{googlecloud,
	author={Google},
	title = {Compute {Engine} {API}  {\textbar}  {Compute} {Engine} {Documentation}  {\textbar}  {Google} {Cloud}},
	url = {https://cloud.google.com/compute/docs/reference/rest/v1},
	urldate = {2023-02-18},
}

@misc{oraclecloud,
	author={Oracle},
	title = {Core {Services} {API} {\textbar} {Oracle} {Cloud} {Infrastructure} {API} {Reference} and {Endpoints}},
	url = {https://docs.oracle.com/en-us/iaas/api/#/en/iaas/20160918/},
	urldate = {2023-02-18},
}

@misc{digitalocean,
	author={DigitalOcean},
	title = {{DigitalOcean} {API} {Docs} :: {DigitalOcean} {Documentation}},
	url = {https://docs.digitalocean.com/reference/api/api-reference/},
	urldate = {2023-02-18},
}
